@article{sadat2012,
  title={The impact of physical design factors on the effective use of public squares},
  author={Hajmirsadeghi, Reihaneh Sadat and Shamsuddin, Shuhana and Foroughi, Amir},
  journal={International Journal of Fundamental Psychology and Social Sciences},
  volume={2},
  number={3},
  pages={49--56},
  year={2012},
  publisher={Citeseer}
}

@article{einstein,
    author =       "Albert Einstein",
    title =        "{Zur Elektrodynamik bewegter K{\"o}rper}. ({German})
        [{On} the electrodynamics of moving bodies]",
    journal =      "Annalen der Physik",
    volume =       "322",
    number =       "10",
    pages =        "891--921",
    year =         "1905",
    DOI =          "http://dx.doi.org/10.1002/andp.19053221004"
}

@book{latexcompanion,
    author    = "Michel Goossens and Frank Mittelbach and Alexander Samarin",
    title     = "The \LaTeX\ Companion",
    year      = "1993",
    publisher = "Addison-Wesley",
    address   = "Reading, Massachusetts"
}

@misc{knuthwebsite,
    author    = "Donald Knuth",
    title     = "Knuth: Computers and Typesetting",
    year      = "1993",
    url       = "http://www-cs-faculty.stanford.edu/\~{}uno/abcde.html"
}

@book{low2009,
  title={Rethinking urban parks: Public space and cultural diversity},
  author={Low, Setha M and Taplin, Dana and Scheld, Suzanne},
  year={2009},
  publisher={University of Texas Press}
}

@article{akkar2007,
  title={Public spaces of post-industrial cities and their changing roles},
  author={Akkar Ercan, Z{\"u}beyde M{\"u}ge},
  year={2007},
  publisher={Middle East Technical University, Faculty of Architecture}
}

@inproceedings{ahmadi2009,
  title={Sustainable Design for Open Spaces by Modify Traditional Neighborhood Centers in Iran},
  author={Ahmadi, Vahid and Che-Ani, AI and Surat, M and Zain, M Fauzi M and Farkisch, Hero and Asadi, Mohsen},
  booktitle={Proceedings of the Regional Engineering Postgraduate Conference held in Bangi, Malaysia, 20-21 October 2009},
  year={2009}
}

@article{shafar2021,
  title={EFEKTIVITAS PEMANFAATAN ALUN-ALUN SEBAGAI RUANG TERBUKA PUBLIK},
  author={Shafar, Muhammad Uliah and Sari, Suzanna Ratih},
  journal={Nature: National Academic Journal of Architecture},
  volume={8},
  number={1},
  pages={53--61},
  year={2021}
}

@article{montgomery1997,
  title={Caf{\'e} culture and the city: The role of pavement caf{\'e}s in urban public social life},
  author={Montgomery, John},
  journal={Journal of urban design},
  volume={2},
  number={1},
  pages={83--102},
  year={1997},
  publisher={Taylor \& Francis}
}

@phdthesis{dougherty2006,
  title={Embodying the city: Identity and use in urban public space},
  author={Dougherty, Dana},
  year={2006},
  school={Virginia Tech}
}

@phdthesis{uliah2022,
  title={Preferensi Pengunjung terhadap Ruang Publik di Kawasan Tepi Laut Senggol Parepare },
  author={Shafar},
  year={2022},
  school={Universitas Diponegoro}
}

@article{hartanti2014,
  title={Streetscape Character as Representation of Urban Identity},
  author={Hartanti, Nurhikmah Budi and Martokusumo, Widjaja},
  year={2014},
  school={National University of Singapore}

}

@article{mullin2000,
  title={Historic preservation in waterfront communities in Portugal and the USA},
  author={Mullin, John and Kotval, Zenia and Balsas, Carlos},
  journal={Portuguese Studies Review},
  pages={40},
  year={2000}
}

@article{hussein2014,
  title={Sustainable urban waterfronts using sustainability assessment rating system},
  author={Hussein, RMR},
  journal={International Journal of Architectural and Environmental Engineering},
  volume={8},
  number={4},
  pages={488--498},
  year={2014}
}

@book{lynch1984,
  title={Good city form},
  author={Lynch, Kevin},
  year={1984},
  publisher={MIT press}
}

@article{oktay2002,
  title={The quest for urban identity in the changing context of the city: Northern Cyprus},
  author={Oktay, Derya},
  journal={Cities},
  volume={19},
  number={4},
  pages={261--271},
  year={2002},
  publisher={Elsevier}
}

@book{rapoport1990,
  title={The meaning of the built environment: A nonverbal communication approach},
  author={Rapoport, Amos},
  year={1990},
  publisher={University of Arizona Press}
}

@book{creswell2016,
  title = {Qualitative Inquiry and Research Design: Choosing among Five Approaches},
  author = {Creswell, John W and Poth, Cheryl N},
  year = {2016},
  publisher = {{Sage publications}}
}

@book{groat2013,
  title = {Architectural Research Methods},
  author = {Groat, Linda N and Wang, David},
  year = {2013},
  publisher = {{John Wiley \& Sons}}
}

@inproceedings{hartanti2012,
  title={Streetscape connectivity and the making of urban identity},
  author={Hartanti, Nurhikmah B and Martokusumo, Widjaja},
  booktitle={Proceeding Of Arte-Polis-4 International Conference},
  year={2012}
}
